<collection xmlns="http://www.loc.gov/MARC21/slim">
<record>
  <leader>01776nam0a2200349 i 450 </leader>
  <controlfield tag="001">IT\ICCU\CNCE\003841</controlfield>
  <controlfield tag="005">20170516000000.0</controlfield>
  <datafield tag="012" ind1=" " ind2=" ">
    <subfield code="a">nor- i.no caor uequ (3) 1509 (R)</subfield>
    <subfield code="2">fei</subfield>
  </datafield>
  <datafield tag="100" ind1=" " ind2=" ">
    <subfield code="a">19970101d1509        0itac0103    ba</subfield>
  </datafield>
  <datafield tag="101" ind1=" " ind2=" ">
    <subfield code="a">LAT</subfield>
  </datafield>
  <datafield tag="102" ind1=" " ind2=" ">
    <subfield code="a">IT</subfield>
  </datafield>
  <datafield tag="200" ind1="1" ind2=" ">
    <subfield code="a">Tiberij Bacilerij Bononiensis Lectura in quattuor libros Aristotelis &amp; Auerrois de celo &amp; mundo quam quidem illo publico auditorio profitente preclarissimi Ticinenses phylosophye cultores hac verborum serie disposuerunt anno 1505</subfield>
  </datafield>
  <datafield tag="210" ind1=" " ind2=" ">
    <subfield code="a">Papie</subfield>
    <subfield code="c">per Jacob de Burgofranco</subfield>
    <subfield code="d">1509</subfield>
  </datafield>
  <datafield tag="215" ind1=" " ind2=" ">
    <subfield code="a">72, \2! c.</subfield>
    <subfield code="d">fol</subfield>
  </datafield>
  <datafield tag="620" ind1=" " ind2=" ">
    <subfield code="a">IT</subfield>
    <subfield code="d">Pavia</subfield>
  </datafield>
  <datafield tag="700" ind1=" " ind2="1">
    <subfield code="a">Baccilieri,</subfield>
    <subfield code="b">Tiberio</subfield>
    <subfield code="3">IT\ICCU\CNCA\001275</subfield>
  </datafield>
  <datafield tag="712" ind1="0" ind2="0">
    <subfield code="a">Pocatela, Giacomo</subfield>
    <subfield code="3">IT\ICCU\CNCT\000347</subfield>
    <subfield code="4">650</subfield>
  </datafield>
  <datafield tag="790" ind1=" " ind2="1">
    <subfield code="a">Bazalieri,</subfield>
    <subfield code="b">Tiberio</subfield>
    <subfield code="3">IT\ICCU\CNCA\007761</subfield>
    <subfield code="z">Baccilieri, Tiberio</subfield>
  </datafield>
  <datafield tag="791" ind1="0" ind2="0">
    <subfield code="a">Burgofrancho, Iacob de</subfield>
    <subfield code="3">IT\ICCU\CNCT\002277</subfield>
    <subfield code="z">Pocatela, Giacomo</subfield>
  </datafield>
  <datafield tag="791" ind1="0" ind2="0">
    <subfield code="a">Paucisdrapis, Iacob de</subfield>
    <subfield code="3">IT\ICCU\CNCT\002278</subfield>
    <subfield code="z">Pocatela, Giacomo</subfield>
  </datafield>
  <datafield tag="791" ind1="0" ind2="0">
    <subfield code="a">Pulchridrapensis, Iacob</subfield>
    <subfield code="3">IT\ICCU\CNCT\002279</subfield>
    <subfield code="z">Pocatela, Giacomo</subfield>
  </datafield>
  <datafield tag="791" ind1="0" ind2="0">
    <subfield code="a">Paucidrapensis, Iacob</subfield>
    <subfield code="3">IT\ICCU\CNCT\005452</subfield>
    <subfield code="z">Pocatela, Giacomo</subfield>
  </datafield>
  <datafield tag="791" ind1="0" ind2="0">
    <subfield code="a">Paucisdrapius, Iacob</subfield>
    <subfield code="3">IT\ICCU\CNCT\005454</subfield>
    <subfield code="z">Pocatela, Giacomo</subfield>
  </datafield>
  <datafield tag="801" ind1=" " ind2="3">
    <subfield code="a">IT</subfield>
    <subfield code="b">ICCU</subfield>
    <subfield code="c">20201113</subfield>
  </datafield>
  <datafield tag="899" ind1=" " ind2=" ">
    <subfield code="a">Biblioteca comunale Ariostea. Ferrara</subfield>
    <subfield code="1">FE0017</subfield>
    <subfield code="2">UFE AR</subfield>
  </datafield>
  <datafield tag="899" ind1=" " ind2=" ">
    <subfield code="a">Biblioteca comunale Pietro Siciliani. Galatina</subfield>
    <subfield code="1">LE0209</subfield>
    <subfield code="2">LEK SF</subfield>
  </datafield>
  <datafield tag="899" ind1=" " ind2=" ">
    <subfield code="a">Biblioteca comunale. Assisi</subfield>
    <subfield code="1">PG0001</subfield>
    <subfield code="2">UM1 10</subfield>
  </datafield>
  <datafield tag="899" ind1=" " ind2=" ">
    <subfield code="a">Biblioteca comunale Federiciana. Fano</subfield>
    <subfield code="1">PU0018</subfield>
    <subfield code="2">URB FN</subfield>
  </datafield>
  <datafield tag="899" ind1=" " ind2=" ">
    <subfield code="a">Biblioteca nazionale centrale. Roma</subfield>
    <subfield code="1">RM0267</subfield>
    <subfield code="2">BVE CR</subfield>
  </datafield>
  <datafield tag="899" ind1=" " ind2=" ">
    <subfield code="a">Biblioteca universitaria Alessandrina. Roma</subfield>
    <subfield code="1">RM0280</subfield>
    <subfield code="2">RML 01</subfield>
  </datafield>
  <datafield tag="899" ind1=" " ind2=" ">
    <subfield code="a">Biblioteca Vallicelliana. Roma</subfield>
    <subfield code="1">RM0281</subfield>
    <subfield code="2">RML 08</subfield>
  </datafield>
  <datafield tag="899" ind1=" " ind2=" ">
    <subfield code="a">Biblioteca civica Pietro Acclavio. Taranto</subfield>
    <subfield code="1">TA0021</subfield>
    <subfield code="2">TA1 11</subfield>
  </datafield>
</record>
</collection>
